<record><leader>00000cas a22000007a 4500</leader><controlfield tag="001">9373871</controlfield><controlfield tag="008">830404d19061924mtuwr ne      0   a0eng d</controlfield><controlfield tag="009">3770</controlfield><datafield ind1=" " ind2=" " tag="010"><subfield code="a">sn 83025301 </subfield></datafield><datafield ind1=" " ind2=" " tag="040"><subfield code="a">NPV</subfield><subfield code="b">eng</subfield><subfield code="c">NPV</subfield><subfield code="d">MTL</subfield><subfield code="d">OCLCQ</subfield></datafield><datafield ind1=" " ind2=" " tag="042"><subfield code="a">msc</subfield></datafield><datafield ind1=" " ind2=" " tag="043"><subfield code="a">n-us-mt</subfield></datafield><datafield ind1=" " ind2=" " tag="045"><subfield code="a">x0x2</subfield></datafield><datafield ind1=" " ind2=" " tag="052"><subfield code="a">4253</subfield><subfield code="b">S3</subfield></datafield><datafield ind1="0" ind2="0" tag="245"><subfield code="a">Sanders County signal.</subfield></datafield><datafield ind1=" " ind2=" " tag="260"><subfield code="a">Plains, Mont. :</subfield><subfield code="b">C.C. Willis,</subfield><subfield code="c">1906-1924.</subfield></datafield><datafield ind1=" " ind2=" " tag="300"><subfield code="a">27 v. :</subfield><subfield code="b">ill. ;</subfield><subfield code="c">56 cm.</subfield></datafield><datafield ind1=" " ind2=" " tag="310"><subfield code="a">Weekly</subfield></datafield><datafield ind1="0" ind2=" " tag="362"><subfield code="a">Vol. 1, no. 1 (Jan. 25, 1906)-v. 27, no. 38 (Oct. 9, 1924).</subfield></datafield><datafield ind1=" " ind2=" " tag="500"><subfield code="a">"The Signal is the only Democratic journal in the county," 1906-1910; "the Signal will be Republican in politics," Oct. 15, 1910-1924.</subfield></datafield><datafield ind1=" " ind2=" " tag="500"><subfield code="a">Place of publication varies: published in Plains Jan. 25, 1906-Nov. 5, 1910, and in Camas Apr. 21, 1911-Oct. 9, 1924.</subfield></datafield><datafield ind1=" " ind2=" " tag="500"><subfield code="a">Publisher varies.</subfield></datafield><datafield ind1=" " ind2=" " tag="515"><subfield code="a">Suspended: May 14-Oct. 8, 1910, and Nov. 12, 1910-Apr. 14, 1911.</subfield></datafield><datafield ind1=" " ind2=" " tag="752"><subfield code="a">United States</subfield><subfield code="b">Montana</subfield><subfield code="c">Sanders</subfield><subfield code="d">Camas.</subfield></datafield><datafield ind1=" " ind2=" " tag="752"><subfield code="a">United States</subfield><subfield code="b">Montana</subfield><subfield code="c">Sanders</subfield><subfield code="d">Plains.</subfield></datafield></record>